@article{MANAGING_DYNAMICS_CUSTOMER_PORTFOLIO,
        author = {Christian Homburg and Viviana V. Steiner and Dirk Totzek},
        title = {Managing Dynamics in a Customer Portfolio},
        journal = {Journal of Marketing},
        volume = {73(5)},
        year = {2009},
        pages = {70-89},
        doi = { 10.1509/jmkg.73.5.70}}

@article{CPM_CRM,
        author = {Ramendra Thakur and Letty Workman},
        title = {Customer portfolio management (CPM) for improved customer
        relationship management (CRM): Are your customers platinum, gold,
        silver, or bronze?},
        journal = {Journal of Business Research},
        volume = {69},
        year = {2016},
        pages = {4095-4102}}

@article{CUSTOMERS_ASSETS,
        author = {Gupta and Donald R. Lehmann},
        title = {Customers as Assets},
        journal = {Journal of Interactive Marketing},
        volume = {17(1)},
        year = {2003},
        pages = {9-24}}

@article{CLV,
        author = {Gupta and Hanssens and Donald Hardie},
        title = {Modeling Customer Lifetime Value},
        journal = {Journal of Service Research},
        volume = {9(2)},
        year = {2006},
        pages = {139-155}}

@article{CLV_MEASUREMENT,
        author = {Sharad Borle and Siddharth S. Singh},
        title = {Customer Lifetime Value Measurement},
        journal = {Management Science},
        volume = {54(1)},
        year = {2008},
        pages = {110-112}}

@article{CLV_NBD,
        author = {Fader and al.},
        title = {"Counting your customers" the easy way: An alternative to the Pareto/NBD},
        journal = {Management Science},
        volume = {24(2)},
        year = {2005}, 
        pages = {275-284}}

@article{CLV_DEF,
        author = {Blattberg and Deighton},
        title = {Manage marketing by the customer equity test},
	journal = {Harvard Business Review},
        year = {1996}, 
        pages = {136-144}}

@article{CLV_CONTEXT,
        author = {Reinartz and Kumar.},
        title = {The impact of customer relationship characteristics on profitable lifetime duration},
	journal = {Journal of Marketing},
	volume = {67(1)},
        year = {2003}, 
        pages = {77-99}}

@book{CAMERON_TRIVEDI,
    author={A. Colin Cameron and Pravin K. Trivedi},
    title={Microeconometrics: Methods and Applications},
    year={2005},
    editor={Cambridge University Press},
    pages={573-610}}

@book{RMS,
    author={Frank Harrell},
    title={Regression Modeling Strategies : With Applications to Linear Models, Logistic and Ordinal Regression, and Survival Analysis},
    year={1984},
    editor={Springer},
    pages={399-534}}


@manual{INTRO_DUREES_VIE,
    title = {Introduction à l'analyse des durées de vie},
    author ={Philippe Saint Pierre},
    organization = {Université Pierre et Marie Curie},
    year = {2015}} 
    
@phdthesis{SURV_METHODS_INSURANCE,
    author = {Pérez Marín, A. María}, 
    title = {Survival methods for the analysis of customer lifetime duration in insurance},
    year = {2006}}

@phdthesis{LIU_SCOR,
    author = {Weinan Liu}, 
    title = {Inclusive Underwriting: the case of Cardiovascular Risk Calculator},
    year = {2019}, 
    school = {ENSAE ParisTech}}
    
@article{SURV_TREE,
        author = {LeBlanc, M. and Crowley, J.},
        title = {Survival Trees by Goodness of Split},
        journal = {Journal of the American Statistical Association},
        volume = {88},
        year = {1993},
        pages = {457–467}}
        
@manual{ML_TREE,
    title = "M1 Data Mining - Decision trees",
    author ="Julie Scholler",
    url = "https://juliescholler.gitlab.io/files/M1/2021/M1-CM-decision_tree.html",
    organization = "Université de Tours",
    year = 2021}  
    
@manual{MCA,
    title = "M1 Analyse de données exploratoire - ACM",
    author ="Julie Scholler",
    url = "https://juliescholler.gitlab.io/publication/m1ade-2021/M1-AnaExpl-ACM.pdf",
    organization = "Université de Tours",
    year = 2021}  
    
@manual{UNSUPERVISED_CLASSIF,
    title = "M1 Analyse de données exploratoire - Classification non supervisée",
    author ="Julie Scholler",
    url = "https://juliescholler.gitlab.io/publication/m1ade-2021/M1-AnaExpl-ClassifNonSup-etu.pdf",
    organization = "Université de Tours",
    year = 2020}  
    
@article{RSF,
    author = "Hemant Ishwaran and al.",
    title = "Random survival forests for high-dimensional data",
    year = 2011,
    url = "https://onlinelibrary.wiley.com/doi/10.1002/sam.10103"}
    
@article{COX_BOOSTING,
    author = {Binder and Schumacher}, 
    title = {Allowing for mandatory covariates in boosting estimation
    of sparse high-dimensional survival models}, 
    journal = {BMC Bioinformatics}, 
    volume = {9(14)}, 
    year = {2008}}

@phdthesis{CHURN_INSURANCE,
    author = {Carolina Bellani}, 
    title = {Predictive Churn Models in Vehicle Insurance},
    year = {2019},
    school = {Universidade Nova de Lisboa}}
    
@article{BREVETS,
    author = "Alain Bousquet",
    title = "Gestion optimale de portefeuilles de brevets",
    year = 2021}

@manual{NBD_PARETO, 
	title = {Innovatives Dienstleistungsmarketing in Theorie und Praxis}, 
	author = {Michael Kleinaltenkamp}, 
	year = {2006}, 
	pages = {80-98}}

@book{ISLR, 
  title = {An Introduction to Statistical Learning}, 
  author = {G. James and D. Witten and T. Hastie and R. Tibshirani}, 
  year = {2013},
  editor = {Springer}}
  
@article{SEGAL,
    author = {Mark Robert Segal}, 
    title = {Regression Trees for Censored Data}, 
    journal = {Biometrics}, 
    volume = {44(1)},
    pages = {35-47}, 
    year = {1988}}
    
@manual{BOUSQUET_ECONOMETRICS, 
	title = {Econometrie Introduction}, 
	author = {Alain Bousquet and Sylvia Concettini}, 
	year = {2019}, 
	organization = {Université de Tours},
	pages = {26-32}}
	
@online{CINDEX,
    author = "Statistical Odds & Ends",
    title = "What is Harrell’s C-index?",
    url = "https://statisticaloddsandends.wordpress.com/2019/10/26/what-is-harrells-c-index/",
    year = "2019"}
    
@article{MARKOWITZ,
    author = {H. Markowitz}, 
    title = {Portfolio Selection}, 
    journal = {Journal of Finance}, 
    volume = {7(1)},
    pages = {71-91}, 
    year = {1952}}
    
@article{WIND,
    author = {Y. Wind and V. Mahajan}, 
    title = {Designing product and business portfolios}, 
    journal = {Harvard Business Review}, 
    volume = {59(1)},
    pages = {155-165}, 
    year = {1981}}
    
@article{DAY,
    author = {G. Day}, 
    title = {Diagnosing the product portfolio}, 
    journal = {Journal of Marketing}, 
    volume = {41},
    pages = {29-38}, 
    year = {1977}}
  
@article{CAPON,
    author = {Capon and Glazer}, 
    title = { Marketing and technology: a strategic alignment}, 
    journal = {Journal of Marketing}, 
    volume = {51},
    pages = {1-14}, 
    year = {1987}}
    
@article{COMPETING_RISKS,
  author = {Slof and Frasincar and Matsiiako}, 
  title = {A competing risks model based on latent Dirichlet Allocation for predicting churn reasons}, 
  journal = {Decision Support Systems}, 
  volume = {146},
  year = {2021}}
  
@article{LDA,
  author = {Bley and Ng and Jordan}, 
  title = {Latent Dirichlet Allocation}, 
  journal = {Journal of Machine Learning Research}, 
  volume = {36},
  year = {2003}}